<record><leader>00000cas a2200000 a 4500</leader><controlfield tag="001">30982859</controlfield><controlfield tag="007">co ugu||||||||</controlfield><controlfield tag="008">940819c19859999ctumr neq     0    0eng c</controlfield><datafield ind1=" " ind2=" " tag="010"><subfield code="a">sn 94031616 </subfield></datafield><datafield ind1=" " ind2=" " tag="040"><subfield code="a">HLS</subfield><subfield code="b">eng</subfield><subfield code="c">HLS</subfield><subfield code="d">HUL</subfield><subfield code="d">OCL</subfield><subfield code="d">MYG</subfield><subfield code="d">HUL</subfield><subfield code="d">OCLCQ</subfield><subfield code="d">OCLCO</subfield><subfield code="d">OCLCF</subfield><subfield code="d">OCLCO</subfield><subfield code="d">OCLCQ</subfield></datafield><datafield ind1=" " ind2=" " tag="012"><subfield code="i">9408</subfield></datafield><datafield ind1=" " ind2=" " tag="019"><subfield code="a">31144593</subfield></datafield><datafield ind1=" " ind2=" " tag="042"><subfield code="a">pcc</subfield></datafield><datafield ind1=" " ind2=" " tag="043"><subfield code="a">n-us-ma</subfield></datafield><datafield ind1="0" ind2="0" tag="245"><subfield code="a">Newspapers on CD ROM.</subfield><subfield code="p">Boston globe.</subfield></datafield><datafield ind1="3" ind2="0" tag="246"><subfield code="a">Boston globe</subfield></datafield><datafield ind1="1" ind2="3" tag="246"><subfield code="a">Boston globe CD ROM</subfield></datafield><datafield ind1="1" ind2="3" tag="246"><subfield code="a">CD news.</subfield><subfield code="p">Boston globe</subfield></datafield><datafield ind1=" " ind2=" " tag="260"><subfield code="a">New Canaan, CT :</subfield><subfield code="b">NewsBank,</subfield><subfield code="c">&#169;1991-</subfield></datafield><datafield ind1=" " ind2=" " tag="300"><subfield code="a">CD-ROM ;</subfield><subfield code="c">4 3/4 in.</subfield></datafield><datafield ind1=" " ind2=" " tag="336"><subfield code="a">text</subfield><subfield code="b">txt</subfield><subfield code="2">rdacontent</subfield></datafield><datafield ind1=" " ind2=" " tag="337"><subfield code="a">computer</subfield><subfield code="b">c</subfield><subfield code="2">rdamedia</subfield></datafield><datafield ind1=" " ind2=" " tag="338"><subfield code="a">computer disc</subfield><subfield code="b">cd</subfield><subfield code="2">rdacarrier</subfield></datafield><datafield ind1="0" ind2=" " tag="362"><subfield code="a">1985-</subfield></datafield><datafield ind1=" " ind2=" " tag="500"><subfield code="a">At head of title: CD news.</subfield></datafield><datafield ind1=" " ind2=" " tag="500"><subfield code="a">Title from disk label.</subfield></datafield><datafield ind1=" " ind2=" " tag="500"><subfield code="a">Accompanied by installation software on 3 floppy disks.</subfield></datafield><datafield ind1=" " ind2=" " tag="515"><subfield code="a">Each disk cumulates to the beginning of the year.</subfield></datafield><datafield ind1=" " ind2=" " tag="515"><subfield code="a">Backfile disks issued covering 1985-1990.</subfield></datafield><datafield ind1=" " ind2=" " tag="530"><subfield code="a">Also issued in print.</subfield></datafield><datafield ind1=" " ind2=" " tag="538"><subfield code="a">System requirements: IBM PC or compatible.</subfield></datafield><datafield ind1=" " ind2="0" tag="651"><subfield code="a">Boston (Mass.)</subfield><subfield code="v">Newspapers.</subfield></datafield><datafield ind1=" " ind2="7" tag="651"><subfield code="a">Massachusetts</subfield><subfield code="z">Boston.</subfield><subfield code="2">fast</subfield><subfield code="0">(OCoLC)fst01205012</subfield></datafield><datafield ind1=" " ind2="0" tag="655"><subfield code="a">CD-ROMs.</subfield></datafield><datafield ind1=" " ind2="7" tag="655"><subfield code="a">Newspapers.</subfield><subfield code="2">fast</subfield><subfield code="0">(OCoLC)fst01423814</subfield></datafield><datafield ind1=" " ind2=" " tag="752"><subfield code="a">United States</subfield><subfield code="b">Massachusetts</subfield><subfield code="c">Suffolk</subfield><subfield code="d">Boston.</subfield></datafield><datafield ind1="1" ind2=" " tag="776"><subfield code="t">Boston globe</subfield><subfield code="x">0743-1791</subfield><subfield code="w">(DLC)sn 83045150</subfield><subfield code="w">(OCoLC)1536853</subfield></datafield><datafield ind1=" " ind2=" " tag="850"><subfield code="a">MH</subfield></datafield><datafield ind1="1" ind2=" " tag="029"><subfield code="a">AU@</subfield><subfield code="b">000011229555</subfield></datafield></record>